<record><leader>00000cas a22000007a 4500</leader><controlfield tag="001">17415798</controlfield><controlfield tag="008">880201d19021906ohuwr ne      0    0eng d</controlfield><datafield ind1=" " ind2=" " tag="010"><subfield code="a">sn 88078233 </subfield></datafield><datafield ind1=" " ind2=" " tag="040"><subfield code="a">ONP</subfield><subfield code="b">eng</subfield><subfield code="c">ONP</subfield><subfield code="d">OCLCQ</subfield></datafield><datafield ind1=" " ind2=" " tag="042"><subfield code="a">msc</subfield></datafield><datafield ind1="0" ind2=" " tag="130"><subfield code="a">Democrat and standard (Coshocton, Ohio)</subfield></datafield><datafield ind1="1" ind2="4" tag="245"><subfield code="a">The Democrat and standard.</subfield></datafield><datafield ind1=" " ind2=" " tag="260"><subfield code="a">Coshocton, Ohio :</subfield><subfield code="b">Democrat and Standard Pub. Co.,</subfield><subfield code="c">1902-1906.</subfield></datafield><datafield ind1=" " ind2=" " tag="300"><subfield code="a">v.</subfield></datafield><datafield ind1=" " ind2=" " tag="310"><subfield code="a">Weekly,</subfield><subfield code="b">Apr. 1, 1904-Feb. 9, 1906</subfield></datafield><datafield ind1=" " ind2=" " tag="321"><subfield code="a">Semiweekly,</subfield><subfield code="b">Jan. 7, 1902-Mar. 22, 1904</subfield></datafield><datafield ind1="0" ind2=" " tag="362"><subfield code="a">Jan. 7, 1902-new ser. v. 5, no. 17 (Feb. 9, 1906).</subfield></datafield><datafield ind1=" " ind2=" " tag="752"><subfield code="a">United States</subfield><subfield code="b">Ohio</subfield><subfield code="c">Coshocton</subfield><subfield code="d">Coshocton.</subfield></datafield><datafield ind1="0" ind2=" " tag="775"><subfield code="t">Daily Democrat and standard</subfield></datafield><datafield ind1="0" ind2="4" tag="780"><subfield code="t">Coshocton Democrat (Coshocton, Ohio : 1861)</subfield><subfield code="w">(DLC)sn 83035543</subfield></datafield><datafield ind1="0" ind2="4" tag="780"><subfield code="t">Democrat standard (Coshocton, Ohio : 1884)</subfield><subfield code="w">(DLC)sn 88078232</subfield></datafield><datafield ind1="0" ind2="0" tag="785"><subfield code="t">Coshocton weekly times</subfield><subfield code="w">(DLC)sn 88078222</subfield></datafield></record>